@article{DBLP:journals/software/Anderson15,
  author    = {Charles Anderson},
  title     = {Docker},
  journal   = {{IEEE} Software},
  volume    = {32},
  number    = {3},
  pages     = {102},
  year      = {2015},
  url       = {http://dx.doi.org/10.1109/MS.2015.62},
  doi       = {10.1109/MS.2015.62},
  timestamp = {Tue, 12 Jan 2016 12:01:45 +0100},
  biburl    = {http://dblp.uni-trier.de/rec/bib/journals/software/Anderson15},
  bibsource = {dblp computer science bibliography, http://dblp.org}
}